@inproceedings{OlszewskiM2018Visualizing,
  author    = {Olszewski, Maya and
               Meder, Jeff and
               Kieffer, Emmanuel and
               Bleuse, Rapha{\"{e}}l and
               Rosalie, Martin and
               Danoy, Gr{\'{e}}goire and
               Bouvry, Pascal},
  title     = {{V}isualizing the {T}emplate of a {C}haotic {A}ttractor},
  booktitle = {Graph Drawing},
  series    = {Lecture Notes in Computer Science},
  volume    = 11282,
  pages     = {106--119},
  publisher = {Springer},
  year      = 2018,
  month     = sep,
  doi       = {10.1007/978-3-030-04414-5_8},
  isbn      = {978-3-030-04413-8},
  language  = english,
}
